% This file was created with JabRef 2.10b2.
% Encoding: UTF-8

@PREAMBLE{
"\providecommand{\noopsort}[1]{}"
# "\providecommand{\singleletter}[1]{#1}%"
}


@ARTICLE {electrick,
    author  = "Yang Zhang, Gierad Laput, Chris Harrison",
    title   = "Electrick: Low-Cost Touch Sensing Using Electric Field Tomography",
    journal = "Proceedings of the 2017 CHI Conference on Human Factors in Computing Systems",
    year    = "2017"
}

@ARTICLE {isoft,
    author  = "Sang Ho Yoon, Ke Huo, Yunbo Zhang",
    title   = "iSoft: A Customizable Soft Sensor with Real-time Continuous Contact and Stretching Sensing",
    journal = "Proceedings of the 2017 UIST Conference on Flexible Sensing",
    year    = "2017"
}


@ARTICLE {shunt,
    author  = "Thomas G. Zimmerman, Joshua R. Smith, Joseph A. Paradise",
    title   = "Applying Electric Field Sensing to Human-Computer Interfaces",
    journal = "Proceedings of the 1995 CHI Conference on MOSAIC OF CREATIVITY",
    year    = "1995"
}
