@ARTICLE {Zhang2017,
    author  = "Yang Zhang, Gierad Laput, Chris Harrison",
    title   = "Electrick: Low-Cost Touch Sensing Using Electric Field Tomography",
    journal = "Proceedings of the 2017 CHI Conference on Human Factors in Computing Systems (CHI '17)",
    year    = "2017",
    pages   = "1-14"
}